@article{hernaes2016pension,
  title={Pension reform and labor supply},
  author={Hern{\ae}s, Erik and Markussen, Simen and Piggott, John and R{\o}ed, Knut},
  journal={Journal of Public Economics},
  volume={142},
  pages={39--55},
  year={2016},
  publisher={Elsevier}
}

@article{fisher2010pension,
  title={Pension reform and labor market incentives},
  author={Fisher, Walter H and Keuschnigg, Christian},
  journal={Journal of Population Economics},
  volume={23},
  pages={769--803},
  year={2010},
  publisher={Springer}
}

@article{hagen2018effects,
  title={The effects of increasing the normal retirement age on health care utilization and mortality},
  author={Hagen, Johannes},
  journal={Journal of Population Economics},
  volume={31},
  number={1},
  pages={193--234},
  year={2018},
  publisher={Springer}
}

@article{coe2011retirement,
  title={Retirement effects on health in Europe},
  author={Coe, Norma B and Zamarro, Gema},
  journal={Journal of health economics},
  volume={30},
  number={1},
  pages={77--86},
  year={2011},
  publisher={Elsevier}
}

@article{sanchez2014delaying,
  title={Delaying the normal and early retirement ages in spain: behavioural and welfare consequences for employed and unemployed workers},
  author={S{\'a}nchez-Martin, Alfonso R and Garcia-Perez, J Ignacio and Jim{\'e}nez-Mart{\'\i}n, Sergi},
  journal={De Economist},
  volume={162},
  pages={341--375},
  year={2014},
  publisher={Springer}
}

@article{geyer2020labor,
  title={Labor market and distributional effects of an increase in the retirement age},
  author={Geyer, Johannes and Haan, Peter and Hammerschmid, Anna and Peters, Michael},
  journal={Labour Economics},
  volume={65},
  pages={101817},
  year={2020},
  publisher={Elsevier}
}

@article{pilipiec2021effect,
  title={The effect of an increase of the retirement age on the health, well-being, and labor force participation of older workers: a systematic literature review},
  author={Pilipiec, Patrick and Groot, Wim and Pavlova, Milena},
  journal={Journal of Population Ageing},
  volume={14},
  pages={271--315},
  year={2021},
  publisher={Springer}
}

@article{maimaris2010impact,
  title={The impact of working beyond traditional retirement ages on mental health: implications for public health and welfare policy},
  author={Maimaris, Will and Hogan, Helen and Lock, Karen},
  journal={Public Health Reviews},
  volume={32},
  pages={532--548},
  year={2010},
  publisher={Springer}
}

@article{calonico2020optimal,
  title={Optimal bandwidth choice for robust bias-corrected inference in regression discontinuity designs},
  author={Calonico, Sebastian and Cattaneo, Matias D and Farrell, Max H},
  journal={The Econometrics Journal},
  volume={23},
  number={2},
  pages={192--210},
  year={2020},
  publisher={Oxford University Press}
}

@misc{icd10,
  title={ICD-10: International statistical classification of deseases and related health problems: tenth revision},
  author="{World Health Organization}",
  url={https://icd.who.int/browse10/2019/en},
  year={2019}
}

@article{rabate2024increasing,
  title={Increasing the retirement age: policy effects and underlying mechanisms},
  author={Rabat{\'e}, Simon and Jongen, Egbert and Atav, Tilbe},
  journal={American Economic Journal: Economic Policy},
  volume={16},
  number={1},
  pages={259--291},
  year={2024},
  publisher={American Economic Association 2014 Broadway, Suite 305, Nashville, TN 37203-2425}
}

@article{mccrary2008manipulation,
  title={Manipulation of the running variable in the regression discontinuity design: A density test},
  author={McCrary, Justin},
  journal={Journal of econometrics},
  volume={142},
  number={2},
  pages={698--714},
  year={2008},
  publisher={Elsevier}
}

@article{calonico2014robust,
  title={Robust nonparametric confidence intervals for regression-discontinuity designs},
  author={Calonico, Sebastian and Cattaneo, Matias D and Titiunik, Rocio},
  journal={Econometrica},
  volume={82},
  number={6},
  pages={2295--2326},
  year={2014},
  publisher={Wiley Online Library}
}

@article{cribb2016signals,
  title={Signals matter? Large retirement responses to limited financial incentives},
  author={Cribb, Jonathan and Emmerson, Carl and Tetlow, Gemma},
  journal={Labour Economics},
  volume={42},
  pages={203--212},
  year={2016},
  publisher={Elsevier}
}

@article{de2018social,
  title={Social security programs and employment at older ages in the Netherlands},
  author={De Vos, Klaas and Kapteyn, Arie and Kalwij, Adriaan},
  year={2018},
  journal={National Bureau of Economic Research}
}

@article{geyer2021closing,
  title={Closing routes to retirement for women: How do they respond?},
  author={Geyer, Johannes and Welteke, Clara},
  journal={Journal of Human Resources},
  volume={56},
  number={1},
  pages={311--341},
  year={2021},
  publisher={University of Wisconsin Press}
}

@article{rabate2020employment,
  title={Employment and substitution effects of raising the statutory retirement age in France},
  author={Rabat{\'e}, Simon and Rochut, Julie},
  journal={Journal of Pension Economics \& Finance},
  volume={19},
  number={3},
  pages={293--308},
  year={2020},
  publisher={Cambridge University Press}
}

@article{atalay2015impact,
  title={The impact of age pension eligibility age on retirement and program dependence: Evidence from an Australian experiment},
  author={Atalay, Kadir and Barrett, Garry F},
  journal={Review of Economics and Statistics},
  volume={97},
  number={1},
  pages={71--87},
  year={2015},
  publisher={The MIT Press}
}

@article{staubli2013does,
  title={Does raising the early retirement age increase employment of older workers?},
  author={Staubli, Stefan and Zweim{\"u}ller, Josef},
  journal={Journal of public economics},
  volume={108},
  pages={17--32},
  year={2013},
  publisher={Elsevier}
}

@article{de2019trends,
  title={Trends in health and retirement in Latin America: Are older workers healthy enough to extend their working lives?},
  author={De Souza, Laeticia R and Queiroz, Bernardo L and Skirbekk, Vegard F},
  journal={The Journal of the Economics of Ageing},
  volume={13},
  pages={72--83},
  year={2019},
  publisher={Elsevier}
}

@article{armstrong2018simple,
  title={A simple adjustment for bandwidth snooping},
  author={Armstrong, Timothy B and Koles{\'a}r, Michal},
  journal={The Review of Economic Studies},
  volume={85},
  number={2},
  pages={732--765},
  year={2018},
  publisher={Oxford University Press}
}

@article{kolesar2018inference,
  title={Inference in regression discontinuity designs with a discrete running variable},
  author={Koles{\'a}r, Michal and Rothe, Christoph},
  journal={American Economic Review},
  volume={108},
  number={8},
  pages={2277--2304},
  year={2018},
  publisher={American Economic Association 2014 Broadway, Suite 305, Nashville, TN 37203}
}

@article{wang2024occupational,
  title={Occupational differences in the effects of retirement on hospitalizations for mental illness among female workers: Evidence from administrative data in China},
  author={Wang, Tianyu and Sun, Ruochen and Sindelar, Jody L and Chen, Xi},
  journal={Economics \& Human Biology},
  volume={53},
  pages={101367},
  year={2024},
  publisher={Elsevier}
}